2770 4792
508 364 631 418 raas
657 363 821 438 ιιιιοιι.
1140 337 1205 454 Ὶρ.

131 562 247 614 mum
267 535 436 608 loconmt
463 527 737 626 comparatione
761 529 900 602 factum
926 544 992 618 est,
1017 545 1059 606 ut
1073 535 1186 628 paulo
1286 561 1289 572 ·

130 643 254 714 latius
281 629 345 708 'lux
370 635 645 708 diffunderetur.
695 631 895 704 Enimvero
920 635 1015 722 iam,
1047 637 1111 708 ubi
1136 637 1188 710 il..

135 746 199 819 los
225 743 328 812 locos
344 749 561 832 retracto,
557 747 648 804 tam
675 745 840 825 apertam
865 737 1089 830 minimeque
1115 740 1186 810 du-

64 846 245 923 biam
272 863 350 912 esse
374 859 612 911 numeroram
637 839 819 932 rationem
843 837 980 956 rideo,
1032 852 1074 910 ut
1099 865 1186 912 cae·-

140 972 210 1018 cus
240 941 332 1014 milri
363 941 476 1014 fnisse
509 941 661 1026 ridear,
714 939 777 1032 qui
806 959 887 1006 non
913 941 1034 1032 primo
1061 945 1185 1016 statim

138 1049 283 1120 intuitu
306 1065 435 1118 verum
458 1042 719 1147 perspexerim.
789 1037 918 1110 Altera
945 1065 1076 1132 causa,
1118 1069 1185 1116 cur

20 1147 22 1192 ¹
139 1151 212 1221 illa
226 1145 418 1241 syllabae
435 1139 554 1214 finalis
587 1133 721 1214 solutio
747 1141 863 1210 doctis
890 1143 1057 1214 fraudem
1082 1145 1186 1218 sece-

20 1313 21 1324 ι
140 1255 215 1362 ιιι,
239 1254 280 1320 in
306 1271 352 1318 eo
363 1249 498 1339 posita
523 1269 600 1315 esse
618 1243 774 1330 videtur,
803 1244 911 1362 quod,
937 1269 1050 1338 quum
1064 1239 1185 1322 baud-

20 1359 23 1380 ⁸
87 1356 90 1359 ’
141 1357 229 1427 raro
254 1326 396 1422 hiatum
423 1361 460 1420 et
484 1347 661 1450 syllabam
693 1333 888 1424 brevem
876 1369 917 1416 ιιι
949 1347 1022 1418 fine
1056 1353 1185 1446 singu

20 1519 22 1526 ,
88 1449 91 1456 ’
142 1457 267 1528 lorum
292 1449 547 1522 dochmiorum
564 1441 921 1536 animadvertissent,
944 1449 1222 1528 numerorum'
1295 1497 1299 1514 .

20 1615 26 1632 .
140 1549 198 1632 ibi
223 1555 421 1626 terminum
443 1551 657 1648 ponendum
683 1573 761 1622 esse
788 1564 1035 1641 censuerunt,
1071 1580 1186 1650 rogu-

143 1659 222 1744 lam
245 1661 429 1758 putantes,
456 1677 549 1750 quae
573 1663 674 1722 certa
700 1649 878 1744 quaedam
905 1673 928 1718 a
952 1654 1094 1746 regula
1107 1659 1184 1730 dis.
1223 1699 1230 1720 1

108 1759 111 1766 ⁴
146 1755 263 1832 cessio
297 1768 361 1828 est.
429 1753 503 1827 Sed
539 1753 646 1830 video
673 1751 721 1822 ad
747 1752 858 1822 aliam
881 1775 940 1824 me
967 1753 1188 1860 disputatio-

142 1881 232 1936 nem
256 1859 427 1932 delatum.

592 2069 622 2173 ι.
672 2080 735 2151 ιι,

246 2261 519 2348 Discessionem
544 2289 567 2339 a
591 2269 720 2361 regula
746 2292 824 2340 essa
850 2269 1030 2361 &fimum
1081 2273 1183 2344 siin
1299 2361 1301 2365 Ι

146 2371 268 2443 medio
308 2373 469 2441 carmine
510 2365 725 2440 dochmiaco
747 2373 897 2466 singuli
939 2375 1113 2455 dochmii
1143 2381 1184 2446 in

21 2507 22 2512 ¹
109 2471 116 2478 ’
147 2475 219 2544 fine
242 2473 384 2544 hiatum
409 2471 570 2542 habeant
596 2483 659 2542 ant
684 2471 862 2564 syllabam
874 2475 1033 2548 brevem.
1067 2477 1198 2546 Nam-.

148 2600 219 2670 que
244 2579 274 2646 si
300 2585 532 2662 verumest,
583 2565 814 2667 quodmodo
842 2569 1091 2666 ostendimus,
1141 2581 1192 2654 ιιι,

148 2681 324 2748 continuo
351 2688 544 2772 systemate
571 2673 785 2746 dochmiaco
811 2677 1040 2771 singulorum
1066 2679 1185 2750 doch*

147 2781 306 2851 mierum
341 2779 518 2871 syllabam
543 2777 691 2846 finalem
717 2777 807 2848 solvi
833 2802 968 2869 posse,
1018 2795 1184 2873 apparet,

23 2885 24 2976 ζ
149 2907 231 2952 eam
264 2881 441 2975 syllabam
476 2891 608 2949 natura
632 2898 699 2948 sua
722 2901 798 2948 non
825 2902 902 2950 esse
927 2881 1093 2970 finalem,
1143 2895 1186 2954 ut

153 3007 245 3077 quae
272 3007 407 3076 anceps
432 2984 506 3070 sit,
546 3005 666 3075 neque
692 3003 844 3074 usquam
870 2981 1090 3054 solutionem
1114 3009 1186 3080 pa·-

127 3089 275 3175 ,tiatun
301 3085 365 3158 sed
389 3107 627 3154 numerorum
653 3085 785 3152 seriem
799 3083 976 3154 'ulterius
990 3087 1186 3160 decurrere

150 3211 219 3258 nee
257 3187 345 3258 dum
386 3209 464 3256 esse
508 3187 722 3256 absolutam.
800 3185 884 3256 Hoc
916 3189 1052 3282 ipsum
1076 3191 1186 3262 simul

149 3289 290 3360 hiatum
317 3311 361 3358 eo
387 3289 471 3358 loeo
497 3300 704 3380 suspectum
730 3285 875 3375 reddit,
914 3313 1024 3382 quem
1049 3295 1088 3362 in
1113 3317 1187 3364 nu·-

141 3414 336 3463 merorum
368 3392 643 3460 continuatione
686 3387 847 3480 Tragici
866 3391 1025 3464 studiose
1058 3397 1187 3490 vitant„

151 3517 221 3566 nec
247 3494 318 3581 nisi
343 3493 384 3562 in
411 3493 627 3585 quibusdam
652 3493 814 3560 muneris
818 3493 949 3584 idque
977 3509 1077 3568 certa
1103 3499 1186 3590 lege

25 3607 27 3620 ”
152 3595 357 3665 admittunt
425 3589 504 3664 Hos
528 3607 652 3666 tamen
662 3595 841 3686 poetas
830 3618 871 3662 ιιι
895 3597 1036 3668 mediis
1051 3601 1188 3670 canni

150 3699 289 3768 nibus
290 3695 527 3768 dochmiacis
571 3719 680 3787 saepe
717 3695 879 3787 singulos
916 3698 1156 3768 dochmio's
1145 3725 1193 3770 ιιι

26 3801 28 3806 ’
151 3800 301 3870 brevem
327 3802 553 3886 terminasse,
578 3799 791 3890 hiatumque
817 3821 862 3866 eo
883 3799 966 3868 loco
981 3801 1195 3892 reliquissey

152 3901 303 3972 lninime
336 3904 463 3994 negari
496 3913 628 4000 potest·
693 3896 777 3969 Eos
806 3901 920 3990 igitur
953 3903 1138 3974 interdum
1164 3931 1187 3974 a
1252 3944 1254 3953 =

152 4023 293 4072 canone
326 4005 392 4074 illo
426 3993 632 4096 rhythmico
659 4003 845 4072 deflexisse
872 4003 1187 4080 existimabimus?

151 4106 322 4176 Profeeto
367 4109 420 4176 ita
458 4107 738 4182 existimandum
778 4115 894 4190 esset,
934 4106 987 4202 ,si
1024 4107 1187 4204 quidem

150 4209 359 4302 promiscue
376 4205 464 4279 (hoc
498 4220 592 4279 esset
622 4209 794 4298 factum,
842 4229 986 4300 nequa
998 4210 1045 4280 ad
1068 4211 1188 4305 legem
