2756 4788
334 1178 526 1340 Paua
582 1195 1017 1338 rosTrurou'
1100 1241 1107 1254 ’
1180 1207 1184 1240 ⁵

155 1459 663 1583 a'uuuuuu'ri
762 1444 1193 1578 aeaerici.
1309 1495 1314 1502 ·

159 2065 367 2176 Hactenus
390 2098 486 2171 tristi
511 2098 577 2169 ilic
604 2061 860 2195 disputationis
884 2123 1050 2194 genere,
1101 2106 1200 2198 quod
1296 2176 1298 2195 ,

159 2209 209 2280 ad
250 2203 534 2278 construendum
575 2203 782 2274 aedificium
816 2205 988 2297 singulos
1007 2208 1201 2307 lapididus

161 2320 297 2403 captat
311 2318 350 2378 et
376 2305 550 2389 cumulat,
575 2306 734 2388 lectores
758 2317 903 2378 nostros
929 2310 1016 2378 eatis
1043 2298 1107 2381 diri
1132 2313 1201 2382 de-
1317 2357 1323 2370 =

160 2410 401 2505 fatigavimus.
474 2407 595 2496 Quos,
645 2409 776 2478 relicto
801 2405 873 2478 hoc
900 2409 1002 2481 arido
1028 2414 1203 2507 nudoque

162 2536 308 2605 campo,
335 2510 609 2602 aliquantulum
627 2529 796 2578 recreare
821 2510 911 2582 licet
936 2511 1081 2582 laetiori
1101 2519 1204 2586 iute-
1277 2523 1279 2531 '

102 2693 104 2696 y
162 2637 313 2712 gratum
339 2611 542 2695 carminum
570 2609 869 2683 dochmiaeorum
895 2611 1093 2732 adspectu,
1118 2615 1203 2686 mai.

158 2723 282 2802 jarem
308 2713 514 2806 quandam,
539 2713 592 2780 ita
619 2714 850 2802 opinamur,
867 2715 1079 2804 pristinae
1068 2721 1204 2812 imagi-

162 2823 223 2892 nis
253 2815 548 2888 similitudinem
570 2813 887 2904 praeferentium.
976 2815 1105 2886 Visum
1148 2833 1222 2893 cst*

154 2924 286 3010 cuim,
311 2919 489 3011 pleraque
516 2915 762 3007 Tragicorum
787 2910 950 2989 carmina
977 2917 1204 3016 dochmiaca,

155 3024 215 3112 v=ad
245 3031 422 3106 uestram
437 3029 611 3095 merrtem
626 3017 806 3088 ordinata
821 3029 858 3086 et
884 3019 1096 3112 eruendata,
1130 3021 1205 3096 huc

166 3117 458 3210 transscribere,
515 3122 652 3212 pprtim
702 3143 776 3212 quo
823 3118 912 3188 fides
954 3121 1108 3194 addatur
1144 3129 1205 3215 iia,

167 3249 270 3332 quae
296 3225 475 3324 hacteuus
506 3223 786 3314 praecepimus,
833 3223 969 3312 partim
1002 3227 1114 3296 ctiam
1152 3241 1206 3318 ut,

167 3351 300 3424 quem
303 3315 409 3396 usum
435 3325 501 3392 illa
524 3322 711 3409 habeant,
761 3323 907 3416 planius
937 3327 1208 3442 perfectiusque

167 3429 405 3521 intelligatur.
485 3425 590 3514 Quae
623 3427 810 3494 omisimus
836 3428 1026 3515 carmina,
1077 3455 1225 3506 eorum.

166 3531 367 3622 descriptio
404 3528 463 3600 vel
503 3530 589 3600 satis
616 3538 744 3618 aperta
777 3539 831 3597 eat
862 3539 900 3596 et
937 3529 982 3598 ab
1018 3533 1142 3605 aliis
1130 3559 1207 3606 mm

166 3635 359 3718 restituta,
384 3631 445 3700 vel
470 3641 546 3702 tam
572 3629 728 3700 obscura
754 3640 791 3702 et
814 3626 1003 3720 impedita,
1029 3646 1071 3712 ut
1096 3637 1208 3709 ctiam
1290 3681 1295 3694 =

166 3761 237 3808 noa
271 3733 363 3802 certi
392 3732 531 3824 aliquid
564 3731 608 3801 de
635 3733 680 3800 iia
705 3732 945 3823 pronuntiare
971 3757 1206 3827 nequeamus.
1237 3741 1270 3839 Ἰ

167 3839 229 3912 De
251 3835 486 3931 quibusdam,
513 3857 688 3926 quorum,
714 3855 824 3926 quam
849 3857 917 3904 nos
943 3839 1057 3906 secuti
1086 3861 1210 3912 surnus

168 3935 473 4030 antistrophicam
499 3936 803 4028 descriptionem,
838 3935 950 4004 dubia
976 3947 1013 4005 et
1038 3940 1211 4034 mubigua

169 4041 289 4118 uideri
313 4049 453 4132 potest,
503 4039 558 4108 ita
581 4037 711 4108 haberi
737 4037 929 4128 cupimus,
979 4050 1020 4107 ιιι
1046 4055 1210 4120 nostram

167 4143 295 4242 potius
340 4141 559 4210 sententiam
606 4161 721 4210 cum
739 4140 877 4206 lectmc
927 4146 1211 4236 communicare,

169 4267 283 4340 quam
313 4266 394 4320 rem
426 4242 632 4312 absolutum
664 4253 702 4312 et
737 4240 941 4334 perfectam
981 4243 1112 4318 afferre
1144 4271 1212 4322 vc
