2748 4766
180 358 278 416 ιιο»
346 357 405 412 na
432 353 1035 448 vnnstuusgnoerstmcrs.

597 555 665 654 „p
701 561 762 632 us.

203 687 481 798 Dicendum
523 725 623 800 enim
663 725 748 806 iam
778 731 833 800 est
817 723 920 798 tde
941 692 1221 810 ,coniunctione
1250 747 1255 762 ’

44 821 86 918 ⁸„
173 819 474 908 dochmiaoorum
498 851 582 926 oum
608 823 690 900 aliis
714 827 887 901 numeris
944 821 1040 904 Nam
1064 833 1212 902 rarissi-

171 935 234 1002 tue
258 921 483 1022 dochmiaca·
478 933 658 1003 ⁸carmina
682 921 942 1019 inveniuntur,
992 955 1087 1026 quae
1111 957 1211 1006 non
1273 982 1275 987 .

170 1034 244 1104 nisi
268 1031 458 1102 dochmios
484 1031 792 1124 complectantur:
824 1033 888 1102 sed
911 1032 1088 1128 pleraque
1117 1035 1211 1108 alius

170 1136 283 1206 etiam
308 1133 453 1226 generis
486 1155 659 1224 numeros
683 1134 868 1207 immixtos
890 1133 1059 1208 habent
1102 1125 1220 1228 Quo-s

169 1255 254 1304 rum
278 1256 515 1306 numerorum
541 1217 679 1332 duplex
700 1249 755 1332 est
739 1249 904 1352 tgenus.
955 1231 1096 1313 Partim
1110 1239 1210 1308 euim

170 1332 241 1454 ipsi
278 1358 346 1428 per
377 1358 417 1404 se
450 1331 506 1405 int
508 1357 613 1428 egros·
645 1323 769 1412 versus
805 1325 995 1424 efficiunt,
1046 1361 1070 1408 a
1093 1336 1212 1408 doeh

79 1437 83 1446 '
170 1439 279 1536 ιιιιιι,
314 1437 377 1530 qui
403 1449 467 1506 aut
491 1435 718 1534 praecedunt
743 1450 807 1508 aut
832 1449 1053 1530 sequuntur,
1098 1440 1240 1534 plana

86 1537 88 1544 ’
134 1581 136 1588 ι
170 1550 379 1630 separatos,
414 1539 608 1632 partim
588 1535 645 1608 bis
671 1541 724 1621 ita
740 1535 1022 1658 annectuntur,
1066 1551 1109 1610 ιιι
1133 1541 1211 1610 ιιιιό

168 1629 377 1731 rhythmico
408 1641 574 1728 ambitu,
625 1641 728 1728 site,
779 1643 810 1711 si
841 1642 894 1711 ita
926 1627 1056 1712 dicere
1058 1623 1211 1734 placet,

164 1765 244 1812 uuo
263 1762 379 1832 rursu
402 1744 550 1838 utrique
584 1727 856 1834 conubeantur'
861 1765 937 1820 uec
963 1762 1055 1816 voce
1068 1741 1207 1823 divelli
1263 1800 1265 1804 .

169 1856 316 1938 queant.
362 1843 492 1912 Prius
507 1858 621 1938 genus
648 1845 746 1938 quod
772 1847 930 1933 ιιιιιιθιι
941 1833 1068 1933 facile
1094 1833 1210 1915 intel·

168 1940 322 2038 ligitur,
347 1944 419 2013 hoo
445 1947 592 2036 penitus
618 1969 641 2014 a
665 1957 859 2038 poetarum
885 1943 1055 2016 arbitr'io
1064 1968 1212 2038 pepen

168 2047 285 2132 disse,
338 2069 516 2138 quosnam
550 2070 694 2138 quoque
721 2047 805 2116 loco
830 2061 955 2119 versus
981 2039 1222 2150 dochmiacis‘
1283 2089 1289 2095 -

168 2147 459 2232 intersererem,
510 2169 579 2216 neo
607 2157 745 2220 certam
775 2150 816 2218 iu
850 2171 894 2216 ea
923 2169 965 2232 re
997 2161 1075 2216 esse
1101 2170 1215 2238 posse¹
1268 2184 1271 2196 ·

167 2243 344 2339 ⁴reguiam
404 2245 477 2315 Ac
486 2249 516 2314 si
540 2269 619 2316 rem
643 2249 794 2351 proprie
820 2257 981 2342 spectes,
1013 2246 1106 2316 baec
1133 2246 1211 2318 dis-

167 2349 310 2465 putatio
355 2371 378 2415 a
417 2357 545 2417 nostro
575 2335 747 2448 consilio
767 2360 822 2420 est
855 2349 986 2421 alienat
1064 2347 1210 2421 Tamen

169 2451 281 2548 etiam
307 2448 352 2518 de
377 2448 449 2519 hoe
475 2473 631 2544 genere,
667 2452 698 2520 si
696 2443 814 2544 quid
838 2453 933 2522 scitu
958 2447 1207 2522 necessarium

63 2577 66 2586 ·
169 2535 233 2622 aut
257 2551 387 2626 saltem
411 2549 501 2621 utile
529 2548 738 2638 videbitur,
787 2553 949 2624 breviter
975 2547 1209 2644 attingemus

166 2653 226 2724 De
259 2652 310 2722 alt
295 2661 374 2722 tero
400 2675 488 2724 vero
515 2677 649 2748 genere
674 2652 736 2722 bic
762 2656 968 2724 necessario
1002 2656 1062 2746 agi
1088 2651 1226 2726 debet*
1274 2718 1278 2726 .

167 2755 263 2844 Nam
287 2755 412 2824 multis
434 2754 483 2823 de
509 2755 625 2826 causis
651 2767 689 2824 et
712 2757 870 2826 maxime
896 2755 1001 2872 quod
1017 2751 1224 2826 dochmius'

116 2870 118 2878 ‘
169 2857 366 2926 anacrusiu
390 2857 430 2925 in
455 2839 576 2927 ¹fronte
602 2844 732 2944 habet,
773 2859 954 2926 interest
950 2855 1067 2944 scire,
1113 2882 1209 2974 quo-
1228 2922 1230 2924 ,

164 2957 364 3030 niodb't
317 2982 348 3026 ιε
350 2969 425 3026 tam
467 2957 767 3028 dochmiaoorum
809 2981 893 3026 cum
932 2951 1014 3026 aliis
1044 2960 1208 3030 numeris

168 3057 464 3152 copulationem
477 3058 628 3152 Tragici
669 3059 905 3140 instituerint.
981 3049 1145 3137 Estt
1082 3085 1130 3129 au
1131 3071 1206 3132 tem

167 3159 229 3257 bic
269 3159 525 3250 disputationis
564 3182 670 3230 meae
702 3159 837 3230 locus'
830 3169 1015 3252 perquam
1048 3155 1206 3252 difficilis

169 3273 207 3360 et
231 3259 396 3331 lubricus
418 3258 480 3330 bio
505 3261 602 3347 illio,
652 3259 836 3354 habetque
861 3255 1059 3370 nonnulla,
1111 3281 1206 3356 quae

65 3369 67 3374 ’
168 3357 289 3458 nequo
315 3385 438 3454 nuno,
464 3381 604 3456 neque,
630 3371 672 3432 ut
698 3383 867 3457 auguror,
893 3362 1056 3456 unquam
1083 3361 1206 3433 adli

167 3463 318 3560 quidum
348 3473 522 3554 poterunt
552 3463 717 3556 perduoi.
793 3464 954 3533 Proinde
988 3479 1064 3537 non
1089 3467 1206 3534 mira
1246 3529 1254 3540 .

166 3563 259 3637 bunt
244 3575 305 3636 tur
329 3565 465 3660 periti,
504 3567 535 3635 si
561 3563 607 3635 de
635 3565 852 3658 quibusdam
876 3561 968 3648 locis
994 3557 1206 3636 dubitanter
1269 3563 1271 3570 ’

164 3667 312 3738 locutus
337 3689 438 3754 sum,
462 3689 551 3754 nec,
578 3663 708 3736 sicubi
722 3691 745 3735 a
768 3689 856 3738 vero
884 3663 1115 3756 aberravero,
1141 3661 1205 3740 ιιι

165 3771 236 3839 mis
263 3767 486 3862 culpabunt:
536 3765 654 3838 multo
686 3767 807 3837 minus
831 3765 910 3860 ipse
932 3763 1123 3856 mirabor,
1172 3763 1206 3840 si

167 3871 324 3943 aliorum
349 3871 552 3940 sententiae
583 3895 606 3937 a
629 3891 714 3938 mea
739 3867 1006 3962 discrepabunt.
1065 3869 1233 3946 Verum

164 3973 253 4042 faeti
265 3971 421 4064 periculi
435 3969 534 4040 haud
547 3970 764 4062 poenitebit,
781 3971 811 4040 si
826 3974 965 4064 paucis,
982 3969 1044 4066 qui
1057 3969 1206 4046 liberali
1316 3983 1319 3991 “

165 4073 281 4144 bonas
305 4071 446 4142 litteras
472 4097 596 4166 amore
629 4070 925 4164 amplectuutur,
977 4079 1112 4169 quique
1136 4074 1205 4168 bas

164 4195 224 4246 res
249 4175 472 4270 diligentiori
498 4174 666 4246 examine
690 4171 817 4270 dignas
842 4187 1011 4264 censent,
1052 4192 1205 4275 operam
