<?xml version="1.0" encoding="UTF-8"?>
<!DOCTYPE html PUBLIC "-//W3C//DTD XHTML 1.0 Transitional//EN"
    "http://www.w3.org/TR/xhtml1/DTD/xhtml1-transitional.dtd">
<html xmlns="http://www.w3.org/1999/xhtml" xml:lang="en" lang="en">
 <head>
  <title>
</title>
<meta http-equiv="Content-Type" content="text/html;charset=utf-8" />
  <meta name='ocr-system' content='tesseract 3.04.00' />
  <meta name='ocr-capabilities' content='ocr_page ocr_carea ocr_par ocr_line ocrx_word'/>
</head>
<body>
  <div class='ocr_page' id='page_1' title='image "./deversibusdochm00seidgoog_0258.png"; bbox 0 0 2756 4788; ppageno 0'>
   <div class='ocr_carea' id='block_1_1' title="bbox 419 447 1180 540">
    <p class='ocr_par' dir='ltr' id='par_1_1' title="bbox 419 447 1180 540">
     <span class='ocr_line' id='line_1_1' title="bbox 419 447 1180 540; baseline 0.004 -27"><span class='ocrx_word' id='word_1_1' title='bbox 419 447 546 536; x_wconf 72' lang='lat' dir='ltr'><strong>iuss</strong></span> <span class='ocrx_word' id='word_1_2' title='bbox 571 459 870 522; x_wconf 73' lang='lat' dir='ltr'><strong>eosnsuroa.</strong></span> <span class='ocrx_word' id='word_1_3' title='bbox 1108 447 1180 540; x_wconf 70' lang='lat'><strong>257</strong></span> 
     </span>
    </p>
   </div>
   <div class='ocr_carea' id='block_1_2' title="bbox 237 625 1307 972">
    <p class='ocr_par' dir='ltr' id='par_1_2' title="bbox 237 625 1307 926">
     <span class='ocr_line' id='line_1_2' title="bbox 240 625 1181 746; baseline 0.006 -48"><span class='ocrx_word' id='word_1_4' title='bbox 240 625 401 698; x_wconf 73' lang='lat' dir='ltr'><strong>ostendit</strong></span> <span class='ocrx_word' id='word_1_5' title='bbox 445 627 600 720; x_wconf 86' lang='lat' dir='ltr'><strong>insignis</strong></span> <span class='ocrx_word' id='word_1_6' title='bbox 647 625 880 700; x_wconf 77' lang='lat' dir='ltr'><strong>scholiorum</strong></span> <span class='ocrx_word' id='word_1_7' title='bbox 901 627 1181 746; x_wconf 71' lang='lat' dir='ltr'><strong>discrepantia.</strong></span> 
     </span>
     <span class='ocr_line' id='line_1_3' title="bbox 240 725 1307 824; baseline 0.003 -26"><span class='ocrx_word' id='word_1_8' title='bbox 240 725 347 798; x_wconf 82' lang='lat' dir='ltr'>Unde</span> <span class='ocrx_word' id='word_1_9' title='bbox 380 727 475 798; x_wconf 82' lang='lat' dir='ltr'><strong>nihil</strong></span> <span class='ocrx_word' id='word_1_10' title='bbox 507 731 737 816; x_wconf 89' lang='lat' dir='ltr'><strong>mirum‚s</strong></span> <span class='ocrx_word' id='word_1_11' title='bbox 721 731 930 800; x_wconf 85' lang='lat' dir='ltr'><strong>sinumeri</strong></span> <span class='ocrx_word' id='word_1_12' title='bbox 966 754 1111 824; x_wconf 88' lang='lat' dir='ltr'><strong>quoquc</strong></span> <span class='ocrx_word' id='word_1_13' title='bbox 1136 759 1181 804; x_wconf 89' lang='lat' dir='ltr'><strong>ex</strong></span> <span class='ocrx_word' id='word_1_14' title='bbox 1304 783 1307 801; x_wconf 44' lang='grc' dir='ltr'><strong>ι</strong></span> 
     </span>
     <span class='ocr_line' id='line_1_4' title="bbox 237 830 1182 972; baseline 0.004 -70"><span class='ocrx_word' id='word_1_15' title='bbox 237 831 385 923; x_wconf 79' lang='lat' dir='ltr'><strong>vulgate</strong></span> <span class='ocrx_word' id='word_1_16' title='bbox 408 832 571 902; x_wconf 88' lang='lat' dir='ltr'><strong>lectione</strong></span> <span class='ocrx_word' id='word_1_17' title='bbox 597 855 682 905; x_wconf 87' lang='lat' dir='ltr'><strong>cum</strong></span> <span class='ocrx_word' id='word_1_18' title='bbox 706 830 979 972; x_wconf 78' lang='lat' dir='ltr'><strong>antistrophicis</strong></span> <span class='ocrx_word' id='word_1_19' title='bbox 997 856 1074 902; x_wconf 89' lang='lat' dir='ltr'><strong>uon</strong></span> <span class='ocrx_word' id='word_1_20' title='bbox 1090 859 1182 906; x_wconf 87' lang='lat' dir='ltr'><strong>con-</strong></span> 
     </span>
    </p>
   </div>
   <div class='ocr_carea' id='block_1_3' title="bbox 240 945 389 1026">
    <p class='ocr_par' dir='ltr' id='par_1_3' title="bbox 240 945 389 1026">
     <span class='ocr_line' id='line_1_5' title="bbox 240 945 389 1026; baseline 0.007 -23"><span class='ocrx_word' id='word_1_21' title='bbox 240 945 389 1026; x_wconf 78' lang='lat' dir='ltr'><strong>gruunt.</strong></span> 
     </span>
    </p>
   </div>
   <div class='ocr_carea' id='block_1_4' title="bbox 133 1044 1182 1282">
    <p class='ocr_par' dir='ltr' id='par_1_4' title="bbox 133 1044 1182 1282">
     <span class='ocr_line' id='line_1_6' title="bbox 133 1044 1182 1190; baseline -0.001 -29"><span class='ocrx_word' id='word_1_22' title='bbox 133 1109 167 1162; x_wconf 85' lang='grc' dir='ltr'><strong>ι.</strong></span> <span class='ocrx_word' id='word_1_23' title='bbox 196 1055 231 1156; x_wconf 88' lang='lat'><strong>6</strong></span> <span class='ocrx_word' id='word_1_24' title='bbox 282 1085 435 1164; x_wconf 72' lang='grc' dir='ltr'><strong><em>λευκῶν</em></strong></span> <span class='ocrx_word' id='word_1_25' title='bbox 458 1085 565 1178; x_wconf 90' lang='lat' dir='ltr'><strong>posui</strong></span> <span class='ocrx_word' id='word_1_26' title='bbox 580 1094 667 1156; x_wconf 82' lang='lat' dir='ltr'><strong>ante</strong></span> <span class='ocrx_word' id='word_1_27' title='bbox 693 1083 865 1186; x_wconf 66' lang='grc' dir='ltr'><strong><em>φαρέων</em></strong></span> <span class='ocrx_word' id='word_1_28' title='bbox 929 1078 1068 1190; x_wconf 77' lang='grc' dir='ltr'>Φᾰρια</span> <span class='ocrx_word' id='word_1_29' title='bbox 1099 1044 1182 1184; x_wconf 81' lang='lat' dir='ltr'><strong>pri-</strong></span> 
     </span>
     <span class='ocr_line' id='line_1_7' title="bbox 236 1187 1091 1282; baseline 0 -24"><span class='ocrx_word' id='word_1_30' title='bbox 236 1213 335 1258; x_wconf 87' lang='lat' dir='ltr'><strong>mam</strong></span> <span class='ocrx_word' id='word_1_31' title='bbox 361 1187 534 1279; x_wconf 78' lang='lat' dir='ltr'><strong>producit</strong></span> <span class='ocrx_word' id='word_1_32' title='bbox 559 1189 672 1257; x_wconf 82' lang='lat' dir='ltr'><strong>etium</strong></span> <span class='ocrx_word' id='word_1_33' title='bbox 696 1189 812 1282; x_wconf 78' lang='lat' dir='ltr'><strong>lphig.</strong></span> <span class='ocrx_word' id='word_1_34' title='bbox 840 1188 954 1256; x_wconf 87' lang='lat' dir='ltr'><strong>Taur</strong></span> <span class='ocrx_word' id='word_1_35' title='bbox 984 1211 1052 1260; x_wconf 89' lang='grc' dir='ltr'><strong>ιι</strong></span> <span class='ocrx_word' id='word_1_36' title='bbox 1047 1214 1091 1270; x_wconf 77' lang='grc' dir='ltr'><strong>ιι.</strong></span> 
     </span>
    </p>
   </div>
   <div class='ocr_carea' id='block_1_5' title="bbox 130 1344 1263 2674">
    <p class='ocr_par' dir='ltr' id='par_1_5' title="bbox 130 1344 1263 2674">
     <span class='ocr_line' id='line_1_8' title="bbox 130 1344 1181 1484; baseline 0.001 -50"><span class='ocrx_word' id='word_1_37' title='bbox 130 1379 226 1434; x_wconf 80' lang='grc' dir='ltr'><strong>αντ</strong></span> <span class='ocrx_word' id='word_1_38' title='bbox 254 1352 298 1456; x_wconf 80' lang='grc' dir='ltr'><strong>γ’.</strong></span> <span class='ocrx_word' id='word_1_39' title='bbox 333 1381 366 1430; x_wconf 87' lang='grc' dir='ltr'><strong>ι</strong></span> <span class='ocrx_word' id='word_1_40' title='bbox 394 1359 444 1432; x_wconf 89' lang='grc'><strong>4</strong></span> <span class='ocrx_word' id='word_1_41' title='bbox 504 1356 648 1450; x_wconf 87' lang='lat' dir='ltr'><strong>Vulgo:</strong></span> <span class='ocrx_word' id='word_1_42' title='bbox 683 1347 833 1434; x_wconf 73' lang='grc' dir='ltr'><em>πόθον</em></span> <span class='ocrx_word' id='word_1_43' title='bbox 844 1344 1181 1484; x_wconf 67' lang='grc' dir='ltr'>ἀμφιδάκρυτον</span> 
     </span>
     <span class='ocr_line' id='line_1_9' title="bbox 234 1423 1180 1586; baseline 0.003 -53"><span class='ocrx_word' id='word_1_44' title='bbox 234 1462 314 1535; x_wconf 73' lang='grc' dir='ltr'><strong>αἰεὶ</strong></span> <span class='ocrx_word' id='word_1_45' title='bbox 344 1423 541 1584; x_wconf 75' lang='grc' dir='ltr'><strong><em>κατέχων</em></strong></span> <span class='ocrx_word' id='word_1_46' title='bbox 566 1455 693 1586; x_wconf 72' lang='grc' dir='ltr'><em>ἀνῇξε</em></span> <span class='ocrx_word' id='word_1_47' title='bbox 716 1455 798 1556; x_wconf 79' lang='grc' dir='ltr'><strong>μὲν</strong></span> <span class='ocrx_word' id='word_1_48' title='bbox 824 1449 941 1557; x_wconf 76' lang='grc' dir='ltr'>ξίφις</span> <span class='ocrx_word' id='word_1_49' title='bbox 966 1456 1043 1536; x_wconf 76' lang='grc' dir='ltr'><strong>ἐπ’</strong></span> <span class='ocrx_word' id='word_1_50' title='bbox 1052 1453 1180 1536; x_wconf 73' lang='grc' dir='ltr'><em>ἀντό-</em></span> 
     </span>
     <span class='ocr_line' id='line_1_10' title="bbox 233 1553 1182 1686; baseline 0.004 -50"><span class='ocrx_word' id='word_1_51' title='bbox 233 1553 360 1685; x_wconf 57' lang='lat' dir='ltr'><strong>pape</strong></span> <span class='ocrx_word' id='word_1_52' title='bbox 392 1585 439 1636; x_wconf 81' lang='grc' dir='ltr'><strong>τε</strong></span> <span class='ocrx_word' id='word_1_53' title='bbox 465 1556 656 1686; x_wconf 76' lang='lat' dir='ltr'><strong>opaydv,</strong></span> <span class='ocrx_word' id='word_1_54' title='bbox 705 1558 808 1659; x_wconf 73' lang='grc' dir='ltr'><strong>ὑπὲρ</strong></span> <span class='ocrx_word' id='word_1_55' title='bbox 836 1554 1017 1658; x_wconf 78' lang='grc' dir='ltr'><em>τέρεμνᾶ</em></span> <span class='ocrx_word' id='word_1_56' title='bbox 1041 1583 1070 1634; x_wconf 84' lang='grc' dir='ltr'><strong><em>τ</em></strong></span> <span class='ocrx_word' id='word_1_57' title='bbox 1102 1559 1182 1656; x_wconf 73' lang='lat' dir='ltr'><strong>uir</strong></span> 
     </span>
     <span class='ocr_line' id='line_1_11' title="bbox 216 1655 1178 1763; baseline -0.005 -25"><span class='ocrx_word' id='word_1_58' title='bbox 216 1706 219 1712; x_wconf 94' lang='lat'>·</span> <span class='ocrx_word' id='word_1_59' title='bbox 234 1661 383 1763; x_wconf 78' lang='grc' dir='ltr'><em>χόνας.</em></span> <span class='ocrx_word' id='word_1_60' title='bbox 459 1655 614 1737; x_wconf 70' lang='grc' dir='ltr'>Πόθον</span> <span class='ocrx_word' id='word_1_61' title='bbox 658 1664 770 1732; x_wconf 83' lang='lat' dir='ltr'><strong>etium</strong></span> <span class='ocrx_word' id='word_1_62' title='bbox 803 1663 1040 1738; x_wconf 76' lang='lat' dir='ltr'><strong>hermannus</strong></span> <span class='ocrx_word' id='word_1_63' title='bbox 1071 1667 1178 1753; x_wconf 87' lang='lat' dir='ltr'><strong>ponit</strong></span> 
     </span>
     <span class='ocr_line' id='line_1_12' title="bbox 233 1757 1176 1862; baseline 0.005 -32"><span class='ocrx_word' id='word_1_64' title='bbox 233 1777 318 1858; x_wconf 86' lang='lat' dir='ltr'><strong>post</strong></span> <span class='ocrx_word' id='word_1_65' title='bbox 348 1757 555 1862; x_wconf 76' lang='grc' dir='ltr'><strong><em>κατέχων.</em></strong></span> <span class='ocrx_word' id='word_1_66' title='bbox 619 1763 764 1832; x_wconf 87' lang='lat' dir='ltr'><strong>Iocum</strong></span> <span class='ocrx_word' id='word_1_67' title='bbox 791 1776 893 1832; x_wconf 78' lang='lat' dir='ltr'><strong>certa</strong></span> <span class='ocrx_word' id='word_1_68' title='bbox 918 1762 1176 1835; x_wconf 82' lang='lat' dir='ltr'><strong>emendatione</strong></span> 
     </span>
     <span class='ocr_line' id='line_1_13' title="bbox 232 1861 1178 1970; baseline -0.002 -34"><span class='ocrx_word' id='word_1_69' title='bbox 232 1867 427 1936; x_wconf 80' lang='lat' dir='ltr'><strong>restituere</strong></span> <span class='ocrx_word' id='word_1_70' title='bbox 456 1863 669 1949; x_wconf 86' lang='lat' dir='ltr'><strong>nonlicet,</strong></span> <span class='ocrx_word' id='word_1_71' title='bbox 722 1863 820 1954; x_wconf 91' lang='lat' dir='ltr'><strong>quod</strong></span> <span class='ocrx_word' id='word_1_72' title='bbox 845 1861 1017 1970; x_wconf 75' lang='lat' dir='ltr'><strong>strophae</strong></span> <span class='ocrx_word' id='word_1_73' title='bbox 1043 1863 1178 1934; x_wconf 85' lang='lat' dir='ltr'><strong>lectio-</strong></span> 
     </span>
     <span class='ocr_line' id='line_1_14' title="bbox 233 1947 1178 2060; baseline 0 -24"><span class='ocrx_word' id='word_1_74' title='bbox 233 1991 321 2041; x_wconf 85' lang='lat' dir='ltr'><strong>nem</strong></span> <span class='ocrx_word' id='word_1_75' title='bbox 345 1965 485 2060; x_wconf 85' lang='lat' dir='ltr'><strong>puriter</strong></span> <span class='ocrx_word' id='word_1_76' title='bbox 510 1973 721 2056; x_wconf 80' lang='lat' dir='ltr'><strong>corruptam</strong></span> <span class='ocrx_word' id='word_1_77' title='bbox 746 1987 824 2036; x_wconf 89' lang='lat' dir='ltr'><strong>esse</strong></span> <span class='ocrx_word' id='word_1_78' title='bbox 852 1947 1020 2036; x_wconf 74' lang='lat' dir='ltr'><strong>vicinius.</strong></span> <span class='ocrx_word' id='word_1_79' title='bbox 1080 1967 1178 2036; x_wconf 89' lang='lat' dir='ltr'><strong>Pro-</strong></span> 
     </span>
     <span class='ocr_line' id='line_1_15' title="bbox 232 2065 1206 2164; baseline -0.002 -26"><span class='ocrx_word' id='word_1_80' title='bbox 232 2069 340 2164; x_wconf 86' lang='lat' dir='ltr'><strong>posui</strong></span> <span class='ocrx_word' id='word_1_81' title='bbox 365 2077 490 2138; x_wconf 82' lang='lat' dir='ltr'><strong>tamen</strong></span> <span class='ocrx_word' id='word_1_82' title='bbox 516 2065 734 2136; x_wconf 85' lang='lat' dir='ltr'><strong>emendandi</strong></span> <span class='ocrx_word' id='word_1_83' title='bbox 754 2070 868 2156; x_wconf 83' lang='grc' dir='ltr'>ιιιιιι,</span> <span class='ocrx_word' id='word_1_84' title='bbox 901 2090 974 2160; x_wconf 88' lang='lat' dir='ltr'><strong>quo</strong></span> <span class='ocrx_word' id='word_1_85' title='bbox 1002 2069 1176 2138; x_wconf 84' lang='lat' dir='ltr'><strong>ostende..</strong></span> <span class='ocrx_word' id='word_1_86' title='bbox 1204 2135 1206 2148; x_wconf 75' lang='grc'>,</span> 
     </span>
     <span class='ocr_line' id='line_1_16' title="bbox 231 2165 1177 2262; baseline -0.003 -19"><span class='ocrx_word' id='word_1_87' title='bbox 231 2193 323 2259; x_wconf 86' lang='lat' dir='ltr'><strong>rem,</strong></span> <span class='ocrx_word' id='word_1_88' title='bbox 350 2168 632 2262; x_wconf 86' lang='lat' dir='ltr'><strong>antistrophiccs</strong></span> <span class='ocrx_word' id='word_1_89' title='bbox 654 2165 828 2240; x_wconf 80' lang='lat' dir='ltr'><strong>numeros</strong></span> <span class='ocrx_word' id='word_1_90' title='bbox 854 2191 924 2238; x_wconf 90' lang='lat' dir='ltr'><strong>uec</strong></span> <span class='ocrx_word' id='word_1_91' title='bbox 951 2185 1087 2262; x_wconf 81' lang='lat' dir='ltr'><strong>genere</strong></span> <span class='ocrx_word' id='word_1_92' title='bbox 1106 2195 1177 2240; x_wconf 86' lang='lat' dir='ltr'><strong>ne·-</strong></span> 
     </span>
     <span class='ocr_line' id='line_1_17' title="bbox 178 2271 1241 2372; baseline -0.004 -28"><span class='ocrx_word' id='word_1_93' title='bbox 178 2321 182 2331; x_wconf 90' lang='lat'>·</span> <span class='ocrx_word' id='word_1_94' title='bbox 220 2297 304 2368; x_wconf 51' lang='lat' dir='ltr'><strong>¹que</strong></span> <span class='ocrx_word' id='word_1_95' title='bbox 331 2273 472 2372; x_wconf 79' lang='lat' dir='ltr'><strong>ambitu</strong></span> <span class='ocrx_word' id='word_1_96' title='bbox 495 2273 606 2343; x_wconf 86' lang='lat' dir='ltr'><strong>nimis</strong></span> <span class='ocrx_word' id='word_1_97' title='bbox 631 2271 860 2364; x_wconf 76' lang='lat' dir='ltr'><strong>astrophicis</strong></span> <span class='ocrx_word' id='word_1_98' title='bbox 876 2272 1061 2346; x_wconf 90' lang='lat' dir='ltr'><strong>recedere.</strong></span> <span class='ocrx_word' id='word_1_99' title='bbox 1104 2273 1176 2342; x_wconf 87' lang='lat' dir='ltr'><strong>Ut.</strong></span> <span class='ocrx_word' id='word_1_100' title='bbox 1238 2293 1241 2301; x_wconf 85' lang='grc'><strong>’</strong></span> 
     </span>
     <span class='ocr_line' id='line_1_18' title="bbox 232 2371 1221 2492; baseline -0.003 -46"><span class='ocrx_word' id='word_1_101' title='bbox 232 2400 376 2472; x_wconf 90' lang='lat' dir='ltr'><strong>cunque</strong></span> <span class='ocrx_word' id='word_1_102' title='bbox 398 2382 511 2492; x_wconf 85' lang='lat' dir='ltr'><strong>poeta</strong></span> <span class='ocrx_word' id='word_1_103' title='bbox 535 2374 748 2467; x_wconf 78' lang='lat' dir='ltr'><strong>scripserit,</strong></span> <span class='ocrx_word' id='word_1_104' title='bbox 800 2371 1085 2465; x_wconf 80' lang='lat' dir='ltr'><strong>antistrophicae</strong></span> <span class='ocrx_word' id='word_1_105' title='bbox 1111 2399 1175 2444; x_wconf 87' lang='lat' dir='ltr'><strong>re-</strong></span> <span class='ocrx_word' id='word_1_106' title='bbox 1219 2445 1221 2450; x_wconf 71' lang='grc'>,</span> 
     </span>
     <span class='ocr_line' id='line_1_19' title="bbox 153 2473 1174 2574; baseline -0.006 -22"><span class='ocrx_word' id='word_1_107' title='bbox 153 2473 159 2482; x_wconf 51' lang='grc'><strong>“</strong></span> <span class='ocrx_word' id='word_1_108' title='bbox 234 2479 441 2574; x_wconf 86' lang='lat' dir='ltr'><strong>sponsionis</strong></span> <span class='ocrx_word' id='word_1_109' title='bbox 466 2475 604 2544; x_wconf 90' lang='lat' dir='ltr'><strong>indicio</strong></span> <span class='ocrx_word' id='word_1_110' title='bbox 630 2481 686 2544; x_wconf 88' lang='lat' dir='ltr'><strong>est&#39;</strong></span> <span class='ocrx_word' id='word_1_111' title='bbox 709 2475 821 2545; x_wconf 78' lang='lat' dir='ltr'><strong>etiam</strong></span> <span class='ocrx_word' id='word_1_112' title='bbox 856 2474 1078 2546; x_wconf 83' lang='lat' dir='ltr'><strong>vocabulum</strong></span> <span class='ocrx_word' id='word_1_113' title='bbox 1100 2475 1174 2554; x_wconf 54' lang='grc' dir='ltr'><strong>κέ</strong></span> 
     </span>
     <span class='ocr_line' id='line_1_20' title="bbox 232 2573 1263 2674; baseline 0 -27"><span class='ocrx_word' id='word_1_114' title='bbox 232 2608 361 2667; x_wconf 68' lang='lat' dir='ltr'><strong>mov,</strong></span> <span class='ocrx_word' id='word_1_115' title='bbox 388 2579 459 2647; x_wconf 92' lang='lat' dir='ltr'><strong>cui</strong></span> <span class='ocrx_word' id='word_1_116' title='bbox 473 2575 605 2646; x_wconf 87' lang='lat' dir='ltr'><strong>eodem</strong></span> <span class='ocrx_word' id='word_1_117' title='bbox 633 2575 882 2667; x_wconf 85' lang='lat' dir='ltr'><strong>antistrophae</strong></span> <span class='ocrx_word' id='word_1_118' title='bbox 909 2573 993 2643; x_wconf 87' lang='lat' dir='ltr'><strong>loco</strong></span> <span class='ocrx_word' id='word_1_119' title='bbox 1021 2580 1174 2674; x_wconf 79' lang='lat' dir='ltr'><strong>opposi-</strong></span> <span class='ocrx_word' id='word_1_120' title='bbox 1254 2589 1263 2600; x_wconf 80' lang='grc'>’</span> 
     </span>
    </p>
   </div>
   <div class='ocr_carea' id='block_1_6' title="bbox 100 2675 1212 2888">
    <p class='ocr_par' dir='ltr' id='par_1_6' title="bbox 100 2675 1212 2888">
     <span class='ocr_line' id='line_1_21' title="bbox 100 2675 1212 2769; baseline -0.006 -12"><span class='ocrx_word' id='word_1_121' title='bbox 100 2721 102 2726; x_wconf 94' lang='grc'><strong><em>·</em></strong></span> <span class='ocrx_word' id='word_1_122' title='bbox 232 2697 312 2756; x_wconf 86' lang='lat' dir='ltr'><strong>tum</strong></span> <span class='ocrx_word' id='word_1_123' title='bbox 348 2689 403 2751; x_wconf 86' lang='lat' dir='ltr'><strong>est</strong></span> <span class='ocrx_word' id='word_1_124' title='bbox 432 2675 604 2769; x_wconf 79' lang='grc' dir='ltr'>τέκνοις.</span> <span class='ocrx_word' id='word_1_125' title='bbox 680 2677 854 2746; x_wconf 87' lang='lat' dir='ltr'><strong>Ceterum</strong></span> <span class='ocrx_word' id='word_1_126' title='bbox 886 2677 954 2750; x_wconf 76' lang='grc' dir='ltr'><strong>ἐπὶ</strong></span> <span class='ocrx_word' id='word_1_127' title='bbox 988 2687 1073 2746; x_wconf 88' lang='lat' dir='ltr'><strong>ante</strong></span> <span class='ocrx_word' id='word_1_128' title='bbox 1105 2675 1172 2754; x_wconf 78' lang='grc' dir='ltr'><strong>τέ</strong></span> <span class='ocrx_word' id='word_1_129' title='bbox 1207 2683 1212 2688; x_wconf 85' lang='grc'><em>“</em></span> 
     </span>
     <span class='ocr_line' id='line_1_22' title="bbox 215 2775 1172 2888; baseline -0.006 -34"><span class='ocrx_word' id='word_1_130' title='bbox 215 2811 364 2888; x_wconf 56' lang='lat' dir='ltr'><strong>‚penna</strong></span> <span class='ocrx_word' id='word_1_131' title='bbox 396 2783 526 2874; x_wconf 80' lang='lat' dir='ltr'><strong>legisse</strong></span> <span class='ocrx_word' id='word_1_132' title='bbox 559 2779 703 2852; x_wconf 81' lang='lat' dir='ltr'><strong>videtur</strong></span> <span class='ocrx_word' id='word_1_133' title='bbox 729 2801 825 2847; x_wconf 86' lang='lat' dir='ltr'><strong>unus</strong></span> <span class='ocrx_word' id='word_1_134' title='bbox 865 2798 909 2845; x_wconf 83' lang='lat' dir='ltr'><strong>ex</strong></span> <span class='ocrx_word' id='word_1_135' title='bbox 949 2775 1172 2866; x_wconf 82' lang='lat' dir='ltr'><strong>Scholiastis,</strong></span> 
     </span>
    </p>
   </div>
   <div class='ocr_carea' id='block_1_7' title="bbox 229 2875 1187 3086">
    <p class='ocr_par' dir='ltr' id='par_1_7' title="bbox 229 2875 1187 3086">
     <span class='ocr_line' id='line_1_23' title="bbox 232 2875 1187 3008; baseline 0.002 -57"><span class='ocrx_word' id='word_1_136' title='bbox 232 2901 271 2960; x_wconf 76' lang='lat' dir='ltr'><strong>et</strong></span> <span class='ocrx_word' id='word_1_137' title='bbox 299 2913 367 2983; x_wconf 80' lang='lat' dir='ltr'><strong>pro</strong></span> <span class='ocrx_word' id='word_1_138' title='bbox 402 2909 449 2960; x_wconf 73' lang='grc' dir='ltr'><strong>τε</strong></span> <span class='ocrx_word' id='word_1_139' title='bbox 479 2891 564 2950; x_wconf 89' lang='lat' dir='ltr'><strong>ante</strong></span> <span class='ocrx_word' id='word_1_140' title='bbox 597 2875 763 2980; x_wconf 73' lang='grc' dir='ltr'><em>σφαγάν</em></span> <span class='ocrx_word' id='word_1_141' title='bbox 793 2875 976 3008; x_wconf 80' lang='lat' dir='ltr'><strong>Brubach.</strong></span> <span class='ocrx_word' id='word_1_142' title='bbox 1009 2889 1047 2948; x_wconf 89' lang='lat' dir='ltr'><strong>et</strong></span> <span class='ocrx_word' id='word_1_143' title='bbox 1070 2879 1173 2952; x_wconf 88' lang='lat' dir='ltr'><strong>Her</strong></span> <span class='ocrx_word' id='word_1_144' title='bbox 1178 2935 1187 2953; x_wconf 80' lang='grc'><strong>.</strong></span> 
     </span>
     <span class='ocr_line' id='line_1_24' title="bbox 229 2989 562 3086; baseline -0.015 -20"><span class='ocrx_word' id='word_1_145' title='bbox 229 3015 309 3086; x_wconf 76' lang='lat' dir='ltr'><strong>vag</strong></span> <span class='ocrx_word' id='word_1_146' title='bbox 336 2989 477 3060; x_wconf 82' lang='lat' dir='ltr'><strong>habent</strong></span> <span class='ocrx_word' id='word_1_147' title='bbox 503 3009 562 3060; x_wconf 84' lang='grc' dir='ltr'><strong>σε</strong></span> 
     </span>
    </p>
   </div>
   <div class='ocr_carea' id='block_1_8' title="bbox 123 3145 1231 3520">
    <p class='ocr_par' dir='ltr' id='par_1_8' title="bbox 123 3145 1231 3462">
     <span class='ocr_line' id='line_1_25' title="bbox 123 3145 1231 3252; baseline -0.023 -7"><span class='ocrx_word' id='word_1_148' title='bbox 123 3189 160 3244; x_wconf 80' lang='grc' dir='ltr'><strong>ι.</strong></span> <span class='ocrx_word' id='word_1_149' title='bbox 188 3166 224 3242; x_wconf 75' lang='grc'><strong>8·</strong></span> <span class='ocrx_word' id='word_1_150' title='bbox 262 3154 366 3236; x_wconf 73' lang='grc' dir='ltr'><strong>αἰὲν</strong></span> <span class='ocrx_word' id='word_1_151' title='bbox 401 3168 486 3236; x_wconf 77' lang='lat' dir='ltr'><strong>ante</strong></span> <span class='ocrx_word' id='word_1_152' title='bbox 517 3145 760 3252; x_wconf 77' lang='grc' dir='ltr'>αιαγμᾶτιν</span> <span class='ocrx_word' id='word_1_153' title='bbox 785 3151 943 3250; x_wconf 81' lang='lat' dir='ltr'><strong>deices</strong></span> <span class='ocrx_word' id='word_1_154' title='bbox 968 3149 1170 3243; x_wconf 82' lang='lat' dir='ltr'><strong>collocant;</strong></span> <span class='ocrx_word' id='word_1_155' title='bbox 1228 3196 1231 3204; x_wconf 85' lang='lat'><em>·</em></span> 
     </span>
     <span class='ocr_line' id='line_1_26' title="bbox 231 3237 1170 3357; baseline -0.013 -20"><span class='ocrx_word' id='word_1_156' title='bbox 231 3273 268 3336; x_wconf 88' lang='lat' dir='ltr'><strong>et</strong></span> <span class='ocrx_word' id='word_1_157' title='bbox 308 3255 456 3340; x_wconf 80' lang='grc' dir='ltr'>σκότια</span> <span class='ocrx_word' id='word_1_158' title='bbox 494 3279 582 3357; x_wconf 83' lang='lat' dir='ltr'><strong>pro</strong></span> <span class='ocrx_word' id='word_1_159' title='bbox 605 3255 752 3355; x_wconf 77' lang='grc' dir='ltr'><strong><em>σκοτίᾳ</em></strong></span> <span class='ocrx_word' id='word_1_160' title='bbox 793 3237 904 3331; x_wconf 78' lang='lat' dir='ltr'><strong>eliam</strong></span> <span class='ocrx_word' id='word_1_161' title='bbox 935 3251 1170 3327; x_wconf 84' lang='lat' dir='ltr'><strong>Hermunnus</strong></span> 
     </span>
     <span class='ocr_line' id='line_1_27' title="bbox 229 3359 1188 3520; baseline -0.038 -79.962"><span class='ocrx_word' id='word_1_162' title='bbox 229 3363 376 3520; x_wconf 83' lang='lat' dir='ltr'><strong>probat.</strong></span> <span class='ocrx_word' id='word_1_163' title='bbox 429 3359 484 3436; x_wconf 85' lang='lat' dir='ltr'><strong>Cf.</strong></span> <span class='ocrx_word' id='word_1_164' title='bbox 510 3381 682 3453; x_wconf 86' lang='lat' dir='ltr'><strong>suprap</strong></span> <span class='ocrx_word' id='word_1_165' title='bbox 715 3380 796 3452; x_wconf 87' lang='lat'><strong>¹07</strong></span> <span class='ocrx_word' id='word_1_166' title='bbox 1183 3369 1188 3382; x_wconf 68' lang='lat'><em>›</em></span> 
     </span>
    </p>
   </div>
   <div class='ocr_carea' id='block_1_9' title="bbox 31 3521 869 3784">
    <p class='ocr_par' dir='ltr' id='par_1_9' title="bbox 31 3521 869 3784">
     <span class='ocr_line' id='line_1_28' title="bbox 31 3521 806 3614; baseline -0.039 0"><span class='ocrx_word' id='word_1_167' title='bbox 31 3591 32 3594; x_wconf 55' lang='lat'><em>=</em></span> <span class='ocrx_word' id='word_1_168' title='bbox 124 3530 222 3612; x_wconf 73' lang='grc' dir='ltr'><strong>ἄντ.</strong></span> <span class='ocrx_word' id='word_1_169' title='bbox 250 3521 287 3604; x_wconf 79' lang='lat' dir='ltr'><strong>ci.</strong></span> <span class='ocrx_word' id='word_1_170' title='bbox 338 3521 423 3598; x_wconf 78' lang='lat' dir='ltr'><strong>vid.</strong></span> <span class='ocrx_word' id='word_1_171' title='bbox 449 3543 559 3614; x_wconf 83' lang='lat' dir='ltr'><strong>supra</strong></span> <span class='ocrx_word' id='word_1_172' title='bbox 583 3541 620 3614; x_wconf 90' lang='lat' dir='ltr'><strong>p.</strong></span> <span class='ocrx_word' id='word_1_173' title='bbox 647 3540 705 3614; x_wconf 82' lang='lat'><strong>90·</strong></span> <span class='ocrx_word' id='word_1_174' title='bbox 732 3541 806 3612; x_wconf 85' lang='lat' dir='ltr'><strong>seq.</strong></span> 
     </span>
     <span class='ocr_line' id='line_1_29' title="bbox 122 3676 869 3784; baseline -0.024 -4"><span class='ocrx_word' id='word_1_175' title='bbox 122 3727 158 3780; x_wconf 85' lang='grc' dir='ltr'><strong>ι</strong></span> <span class='ocrx_word' id='word_1_176' title='bbox 189 3699 224 3772; x_wconf 92' lang='grc'><strong>6.</strong></span> <span class='ocrx_word' id='word_1_177' title='bbox 276 3681 422 3784; x_wconf 75' lang='grc' dir='ltr'><em>ἔσοδος</em></span> <span class='ocrx_word' id='word_1_178' title='bbox 447 3688 576 3782; x_wconf 85' lang='lat' dir='ltr'><strong>scripsi</strong></span> <span class='ocrx_word' id='word_1_179' title='bbox 600 3709 670 3782; x_wconf 92' lang='lat' dir='ltr'><strong>pro</strong></span> <span class='ocrx_word' id='word_1_180' title='bbox 696 3676 869 3778; x_wconf 72' lang='lat' dir='ltr'><strong>etcodoc&#39;</strong></span> 
     </span>
    </p>
   </div>
   <div class='ocr_carea' id='block_1_10' title="bbox 74 3849 1202 4258">
    <p class='ocr_par' dir='ltr' id='par_1_10' title="bbox 74 3849 1202 4258">
     <span class='ocr_line' id='line_1_30' title="bbox 231 3849 1166 3954; baseline -0.013 -22"><span class='ocrx_word' id='word_1_181' title='bbox 231 3861 343 3954; x_wconf 90' lang='lat' dir='ltr'><strong>Quod</strong></span> <span class='ocrx_word' id='word_1_182' title='bbox 372 3857 556 3950; x_wconf 89' lang='lat' dir='ltr'><strong>duplicem</strong></span> <span class='ocrx_word' id='word_1_183' title='bbox 586 3853 778 3926; x_wconf 86' lang='lat' dir='ltr'><strong>mesodum</strong></span> <span class='ocrx_word' id='word_1_184' title='bbox 803 3854 958 3940; x_wconf 85' lang='lat' dir='ltr'><strong>attinet,</strong></span> <span class='ocrx_word' id='word_1_185' title='bbox 1008 3849 1166 3920; x_wconf 80' lang='lat' dir='ltr'><strong>similem</strong></span> 
     </span>
     <span class='ocr_line' id='line_1_31' title="bbox 117 3943 1167 4078; baseline -0.017 -38"><span class='ocrx_word' id='word_1_186' title='bbox 117 3964 348 4045; x_wconf 82' lang='lat' dir='ltr'><strong>hebemus</strong></span> <span class='ocrx_word' id='word_1_187' title='bbox 337 3985 377 4032; x_wconf 89' lang='grc' dir='ltr'><strong>ιιι</strong></span> <span class='ocrx_word' id='word_1_188' title='bbox 409 3959 535 4078; x_wconf 80' lang='lat' dir='ltr'><strong>Eurip.</strong></span> <span class='ocrx_word' id='word_1_189' title='bbox 569 3953 758 4026; x_wconf 83' lang='lat' dir='ltr'><strong>Electra</strong></span> <span class='ocrx_word' id='word_1_190' title='bbox 747 3979 787 4031; x_wconf 83' lang='lat' dir='ltr'><strong>sn</strong></span> <span class='ocrx_word' id='word_1_191' title='bbox 824 3943 1047 4024; x_wconf 84' lang='lat' dir='ltr'><strong>carminibus</strong></span> <span class='ocrx_word' id='word_1_192' title='bbox 1085 3965 1167 4044; x_wconf 87' lang='lat' dir='ltr'><strong>post</strong></span> 
     </span>
     <span class='ocr_line' id='line_1_32' title="bbox 74 4053 1202 4161; baseline -0.021 -19"><span class='ocrx_word' id='word_1_193' title='bbox 74 4134 78 4148; x_wconf 84' lang='grc'><em>,</em></span> <span class='ocrx_word' id='word_1_194' title='bbox 117 4095 156 4148; x_wconf 87' lang='grc' dir='ltr'><strong>ι.</strong></span> <span class='ocrx_word' id='word_1_195' title='bbox 193 4093 291 4140; x_wconf 91' lang='grc' dir='ltr'>ιιι.</span> <span class='ocrx_word' id='word_1_196' title='bbox 285 4089 406 4161; x_wconf 88' lang='lat' dir='ltr'><strong>quae</strong></span> <span class='ocrx_word' id='word_1_197' title='bbox 419 4061 581 4130; x_wconf 81' lang='lat' dir='ltr'><strong>carmina</strong></span> <span class='ocrx_word' id='word_1_198' title='bbox 594 4115 608 4151; x_wconf 86' lang='lat'><em>,</em></span> <span class='ocrx_word' id='word_1_199' title='bbox 661 4059 758 4152; x_wconf 92' lang='lat' dir='ltr'><strong>quod</strong></span> <span class='ocrx_word' id='word_1_200' title='bbox 782 4057 879 4126; x_wconf 86' lang='lat' dir='ltr'><strong>male</strong></span> <span class='ocrx_word' id='word_1_201' title='bbox 885 4055 1013 4152; x_wconf 80' lang='lat' dir='ltr'><strong>uulgo</strong></span> <span class='ocrx_word' id='word_1_202' title='bbox 1038 4053 1166 4147; x_wconf 88' lang='lat' dir='ltr'><strong>dispo</strong></span> <span class='ocrx_word' id='word_1_203' title='bbox 1145 4073 1202 4140; x_wconf 59' lang='lat' dir='ltr'><strong>*ak</strong></span> 
     </span>
     <span class='ocr_line' id='line_1_33' title="bbox 119 4157 1164 4258; baseline -0.015 -14"><span class='ocrx_word' id='word_1_204' title='bbox 119 4183 296 4256; x_wconf 79' lang='lat' dir='ltr'><strong>cuntur,</strong></span> <span class='ocrx_word' id='word_1_205' title='bbox 337 4178 374 4239; x_wconf 85' lang='lat' dir='ltr'><strong>ct</strong></span> <span class='ocrx_word' id='word_1_206' title='bbox 401 4165 540 4258; x_wconf 81' lang='lat' dir='ltr'><strong>aliquot</strong></span> <span class='ocrx_word' id='word_1_207' title='bbox 566 4163 678 4234; x_wconf 84' lang='lat' dir='ltr'><strong>etiarn</strong></span> <span class='ocrx_word' id='word_1_208' title='bbox 703 4157 945 4232; x_wconf 85' lang='lat' dir='ltr'><strong>dochmieeos</strong></span> <span class='ocrx_word' id='word_1_209' title='bbox 963 4158 1164 4245; x_wconf 76' lang='lat' dir='ltr'><strong>confluent,</strong></span> 
     </span>
    </p>
   </div>
   <div class='ocr_carea' id='block_1_11' title="bbox 120 4267 588 4362">
    <p class='ocr_par' dir='ltr' id='par_1_11' title="bbox 120 4267 588 4362">
     <span class='ocr_line' id='line_1_34' title="bbox 120 4267 588 4362; baseline -0.027 -14"><span class='ocrx_word' id='word_1_210' title='bbox 120 4275 254 4350; x_wconf 82' lang='lat' dir='ltr'><strong>statim</strong></span> <span class='ocrx_word' id='word_1_211' title='bbox 276 4267 339 4362; x_wconf 81' lang='lat' dir='ltr'><strong>hic</strong></span> <span class='ocrx_word' id='word_1_212' title='bbox 366 4267 588 4346; x_wconf 76' lang='lat' dir='ltr'><strong>adscribam:</strong></span> 
     </span>
    </p>
   </div>
   <div class='ocr_carea' id='block_1_12' title="bbox 783 4338 841 4472">
    <p class='ocr_par' dir='ltr' id='par_1_12' title="bbox 783 4338 841 4472">
     <span class='ocr_line' id='line_1_35' title="bbox 783 4338 841 4472; baseline 0 -124"><span class='ocrx_word' id='word_1_213' title='bbox 783 4338 841 4472; x_wconf 46' lang='lat'><strong>,17</strong></span> 
     </span>
    </p>
   </div>
   <div class='ocr_carea' id='block_1_13' title="bbox 0 0 1382 4788">
    <p class='ocr_par' dir='ltr' id='par_1_13' title="bbox 0 0 1382 4788">
     <span class='ocr_line' id='line_1_36' title="bbox 0 0 1382 4788; baseline 0 1"><span class='ocrx_word' id='word_1_214' title='bbox 0 0 1382 4788; x_wconf 95' lang='lat' dir='ltr'><strong> </strong></span> 
     </span>
    </p>
   </div>
  </div>
 </body>
</html>
